@book{Knuth1986,
 author = {Knuth, Donald E.},
 title = {The TeXbook},
 year = {1986},
 isbn = {0201134470},
 publisher = {Addison-Wesley Professional},
}
@book{Oetiker2007,
  author = {Oetiker, Tobias and Partl, Hubert and Hyna, Irene and Schlegl, Elisabeth},
  keywords = {documentation latex reference typesetting},
  month = {June},
  note = {Version 4.22},
  title = {The Not So Short Introduction to LaTeX},
  url = {http://tobi.oetiker.ch/lshort/lshort.pdf},
  year = 2007
}
