@book {Pinker2014,
	title = {The Sense of Style: The Thinking Person{\textquoteright}s Guide to Writing in the 21st Century},
	year = {2014},
	pages = { },
	publisher = {New York, NY: Penguin},
	organization = {New York, NY: Penguin},
	edition = { },
	author = {Steven Pinker}
},
@article{Bransford1972,
    author = {Bransford, John and K. Johnson, Marcia},
    year = {1972},
    month = {12},
    pages = {717-726},
    title = {Contextual Prerequisites for Understanding: Some Investigations of Comprehension and Recall1},
    volume = {11},
    journal = {Journal of Verbal Learning and Verbal Behavior},
    doi = {10.1016/S0022-5371(72)80006-9}
}
